@Article{notes13,
	author = "",
	year = "",
	title = "Advanced Particle Physics – Lecture Notes Part 13"
}, 
@Article{PFAsInHCAL,
	author = "José Repond",
	year = "2013",
	title = "Imaging hadron calorimetry for future Lepton Colliders",
	journal = "Nuclear Instruments and Methods in Physics Research A",
	},
@Book{TDR,
	author = "C. Seez, T. Virdee",
	publisher = "The CMS Collaboration",
	year = "2018",
	title = "The Phase-2 Upgrade of the CMS endcap calorimeter – Technical Design Report",
},
@Article{PFAsDualReadout,
	author = "Stephen Magill",
	year = "2012",
	journal = "J. Phys.: Conf. Ser. 404 012048",
	title = "Use of Particle Flow Algorithms in a Dual Readout Crystal Calorimeter",
},
@Article{B0,
	author = "\protect{CMS Collaboration}",
	title = "Observation of the rare $B^0_s \rightarrow \mu^+ \mu^- $decay from the combined analysis of CMS and LHCb data",
	journal = "Nature",
	issue = "522",
	year = "2015",
	month = "June",
},
@Article{mot,
	author = "Burkhard Schmidt",
	year = "2016",
	journal = "J. Phys.: Conf.",
	issue = "706",
	title = "The High-Luminosity upgrade of the LHC: Physics ad Technology Challenges for the Accelerator and the Experiments"
},
@Article{itdr,
	author = "The Phase-2 Upgrade of the CMS Level-1 Trigger: Interim Technical Design Report",
	year = "2017",
	author = "The CMS Collaboration"
},

1--- COMMENTS may be placed outside the @ENTRYTYPE{ ... } stuctures
--- CMS guidelines
---- Every journal article citation should include the DOI, assuming one exists.
---- All URLs for CMS notes, ANs, etc, should refer to the CDS server, not the CMS server. Use our standard format for them, as shown below.
----  CMS Notes not available on CDS are regarded as private and may not be cited.
----  CMS physics papers (i.e., those intended for publication in journals) may reference only POG PASs, not PAG PASs.
---- For papers by collaborations, list the collaboration in the COLLABOROATION field and put the first author and "and others" in the AUTHOR field.
----  If only the collaboration is listed as the author, put "{XXX Collaboration}" under AUTHOR.
----  Note that we automatically replace the AUTHOR field with the collaboration name for ATLAS, CMS, LHCb, and ATLAS at submission time.
---- Other items:
----   PAGES: Please only list the first page, not the range.
----   ISSUE: Please do not include in most cases.
----   URL: Do not include this field if a DOI is available.
---- Number of authors to list:
----   PRL requests that we include all authors up to fifteen except for large collaborations, and we take this as our internal guide as well. If there
----   are more than fifteen, just list the first author + "and others", as above.
----   The individual journal bib style file (theirs, ours, PLB, etc.) will truncate at the appropriate point. We have ours set to _1_ for more than four.
---- Use only the URL field instead of embedding an href (this is a change in our practice).
---- A reference only published on the arXiv should be listed as UNPUBLISHED (with a note "Submitted to XXX" for large collaboration papers).
----   Experimental papers only on the arXiv and not submitted for publication may not be cited.
---- Some journals will lowercase the title: use {} to protect words which must be capitalized, e.g., {LHC}, {TeV}, {CERN}, {CMS}.
----  Do not escape the entire title as it will then clash with the journal style.
---- Journal names: the journals generally include the series in the journal name, "Physical Review D", vol 5, rather than PR D5
%
% Notes hosted only on CDS are listed as TECHREPORTs.
%

@techreport{CMS:phase2tp,
      author         = "CMS Collaboration",
      editor         = "Butler, J.; Contardo, D.; Klute, M.; Mans, J.; Silvestris, L.",
      title          = "{Technical Proposal for the Phase-II Upgrade of the Compact Muon Solenoid}",
      collaboration  = "CMS",
      year           = "2015",
      number   = "CERN-LHCC-2015-010, LHCC-P-008",
      SLACcitation   = "%%CITATION = CERN-LHCC-2015-010 ETC.;%%",
}

@techreport{CMS:phase2daqid,
      author         = "CMS Collaboration",
      editor         = "Meijers, F.; Meschi, E.",
      title          = "{The Phase-2 Upgrade of the CMS DAQ: Interim Technical Design Report}",
      collaboration  = "CMS",
      year           = "2017",
      number   = "CMS-TDR-17-005, CERN-LHCC-2017-014",
      SLACcitation   = "%%CITATION = CERN-LHCC-2015-010 ETC.;%%",
}

@techreport{CMS:phase2barrel,
      author         = "CMS Collaboration",
      title          = "{The Phase-2 Upgrade of the CMS Barrel Calorimeters: Technical Design Report}",
      collaboration  = "CMS",
      year           = "2017",
      number   = "CMS-TDR-17-002, CERN-LHCC-2017-011",
      SLACcitation   = "%%CITATION = CERN-LHCC-2015-010 ETC.;%%",
}

@techreport{CMS:phase2tracker,
      author         = "CMS Collaboration",
      title          = "{The Phase-2 Upgrade of the CMS Tracker: Technical Design Report}",
      collaboration  = "CMS",
      year           = "2017",
      number   = "CMS-TDR-17-001, CERN-LHCC-2017-009",
      SLACcitation   = "%%CITATION = CERN-LHCC-2015-010 ETC.;%%",
}

@techreport{CMS:phase2l1tid,
      author         = "CMS Collaboration",
      editor         = "Brooke, J.; Cavanaugh, R.",
      title          = "{The Phase-2 Upgrade of the CMS Level-1 Trigger: Interim Technical Design Report}",
      collaboration  = "CMS",
      year           = "2017",
      number   = "CMS-TDR-17-004, CERN-LHCC-2017-013",
      SLACcitation   = "%%CITATION = CERN-LHCC-2017-013 ETC.;%%",
}
%%%%%%%%%%%%%%%%%%%%%%%%%%%%%%%%%%%%%%%%%%%%%%%%%%%%%%%%%%%%%%%%%%%%%%%%%%%%%%%%%%%%%%%
@article{PDG,
      author         = "Patrignani, C. and others",
      title          = "{Review of Particle Physics}",
      collaboration  = "Particle Data Group",
      journal        = "Chin. Phys. C",
      volume         = "40",
      year           = "2016",
      pages          = "100001",
      doi            = "10.1088/1674-1137/40/10/100001",
      SLACcitation   = "%%CITATION = CHPHD,C40,100001;%%"
}

@article{Agashe:2014kda,
      author         = "{Particle Data Group} and Olive, K. A. and others",
      title          = "{Review of Particle Physics}",
      journal        = "Chin. Phys. C",
      volume         = "38",
      pages          = "090001",
      doi            = "10.1088/1674-1137/38/9/090001",
      year           = "2014",
      SLACcitation   = "%%CITATION = CHPHD,C38,090001;%%",
}
@article{Curras:2017bfw,
      author         = "Curr\'as, Esteban and others",
      title          = "{Radiation hardness and precision timing study of silicon
                        detectors for the CMS High Granularity Calorimeter (HGC)}",
      booktitle      = "{14th Vienna Conference on Instrumentation (VCI 2016)
                        Vienna, Austria, February 15-19, 2016}",
      journal        = "Nucl. Instrum. Meth. A",
      volume         = "845",
      year           = "2017",
      pages          = "60",
      doi            = "10.1016/j.nima.2016.05.008",
      SLACcitation   = "%%CITATION = NUIMA,A845,60;%%"

}
@article{Bergauer:2016uoq,
      author         = "Bergauer, T. and Dragicevic, M. and König, A. and
                        Hacker, J. and Bartl, U.",
      title          = "{First thin AC-coupled silicon strip sensors on 8-inch
                        wafers}",
      journal        = "Nucl. Instrum. Meth. A",
      volume         = "830",
      year           = "2016",
      pages          = "473-479",
      doi            = "10.1016/j.nima.2016.05.076",
      SLACcitation   = "%%CITATION = NUIMA,A830,473;%%"
}

@techreport{Tracker_Market_survey,
      author         = "CERN",
      editor         = "Gregorio, D.; Abel, L.; Dragicevic, M.; Fadeyev, V.",
      title          = "{Planar Silicon Sensors for the ATLAS and CMS Outer Tracker Upgrades}",
      collaboration  = "CMS",
      year           = "2016",
      number   = "MS-4086/EP",
      url = "https://cds.cern.ch/record/2145271",
}

@article{p-type-sensors,
      author         = "Adam, W. and others",
      title          = "{P-Type Silicon Strip Sensors for the new CMS Tracker at
                        HL-LHC}",
      collaboration  = "CMS",
      journal        = "JINST",
      volume         = "12",
      year           = "2017",
      pages          = "P06018",
      doi            = "10.1088/1748-0221/12/06/P06018",
      SLACcitation   = "%%CITATION = JINST,12,P06018;%%"
}

@article{Thomson:2009rp,
      author         = "Thomson, M.A.",
      title          = "{Particle Flow Calorimetry and the PandoraPFA Algorithm}",
      journal        = "Nucl. Instrum. Meth. A",
      volume         = "611",
      pages          = "25",
      doi            = "10.1016/j.nima.2009.09.009",
      year           = "2009",
      eprint         = "0907.3577",
      archivePrefix  = "arXiv",
      primaryClass   = "physics.ins-det",
      reportNumber   = "CU-HEP-09-11",
      SLACcitation   = "%%CITATION = ARXIV:0907.3577;%%",
}

@article{Marshall:2012ry,
      author         = "Marshall, J.S. and M{\"u}nnich, A. and Thomson, M.A.",
      title          = "{Performance of Particle Flow Calorimetry at CLIC}",
      journal        = "Nucl. Instrum. Meth. A",
      volume         = "700",
      pages          = "153",
      doi            = "10.1016/j.nima.2012.10.038",
      year           = "2013",
      eprint         = "1209.4039",
      archivePrefix  = "arXiv",
      primaryClass   = "physics.ins-det",
      reportNumber   = "CU-HEP-12-12",
      SLACcitation   = "%%CITATION = ARXIV:1209.4039;%%",
}
@article{Rodriguez:2014,
      author         = "Rodriguez, A. and Laio, A.",
      title          = "{Clustering by fast search and find of density peaks}",
      journal        = "Science",
      volume         = "344",
      pages          = "1492",
      doi            = "10.1126/science.1242072",
      year           = "2014",
}
@article{Khachatryan:2016jib,
      author         = "Khachatryan, V. and others",
      title          = "{Dose rate effects in the radiation damage of the plastic
                        scintillators of the CMS Hadron Endcap Calorimeter}",
      collaboration  = "CMS HCAL",
      journal        = "JINST",
      volume         = "11",
      year           = "2016",
      pages          = "T10004",
      doi            = "10.1088/1748-0221/11/10/T10004",
      eprint         = "1608.07267",
      archivePrefix  = "arXiv",
      primaryClass   = "physics.ins-det",
      SLACcitation   = "%%CITATION = ARXIV:1608.07267;%%"
}

@article{Adloff:2012gv,
      author         = "Adloff, C. and others",
      title          = "{Hadronic energy resolution of a highly granular
                        scintillator-steel hadron calorimeter using software
                        compensation techniques}",
      collaboration  = "CALICE",
      journal        = "JINST",
      volume         = "7",
      year           = "2012",
      pages          = "P09017",
      doi            = "10.1088/1748-0221/7/09/P09017",
      eprint         = "1207.4210",
      archivePrefix  = "arXiv",
      primaryClass   = "physics.ins-det",
      reportNumber   = "MPP-2012-116",
      SLACcitation   = "%%CITATION = ARXIV:1207.4210;%%"
}

@article{Adloff:2013vra,
      author         = "Adloff, C. and others",
      title          = "{Track segments in hadronic showers in a highly granular
                        scintillator-steel hadron calorimeter}",
      collaboration  = "CALICE",
      journal        = "JINST",
      volume         = "8",
      year           = "2013",
      pages          = "P09001",
      doi            = "10.1088/1748-0221/8/09/P09001",
      eprint         = "1305.7027",
      archivePrefix  = "arXiv",
      primaryClass   = "physics.ins-det",
      reportNumber   = "MPP-2013-143",
      SLACcitation   = "%%CITATION = ARXIV:1305.7027;%%"
}

@article{CALICE:2010hb,
      author         = "Adloff, C. and others",
      title          = "{Construction and Commissioning of the CALICE Analog
                        Hadron Calorimeter Prototype}",
      collaboration  = "CALICE",
      journal        = "JINST",
      volume         = "5",
      year           = "2010",
      pages          = "P05004",
      doi            = "10.1088/1748-0221/5/05/P05004",
      eprint         = "1003.2662",
      archivePrefix  = "arXiv",
      primaryClass   = "physics.ins-det",
      reportNumber   = "DESY-10-032",
      SLACcitation   = "%%CITATION = ARXIV:1003.2662;%%"
}

@article{Sirunyan:2017ulk,
      author         = "Sirunyan, Albert M and others",
      title          = "{Particle-flow reconstruction and global event
                        description with the CMS detector}",
      collaboration  = "CMS",
      journal        = "JINST",
      volume         = "12",
      year           = "2017",
      pages          = "P10003",
      doi            = "10.1088/1748-0221/12/10/P10003",
      eprint         = "1706.04965",
      archivePrefix  = "arXiv",
      primaryClass   = "physics.ins-det",
      reportNumber   = "CMS-PRF-14-001, CERN-EP-2017-110",
      SLACcitation   = "%%CITATION = ARXIV:1706.04965;%%"
}

@article{Vignali:2015vha,
      author         = "Centis Vignali, Matteo",
      title          = "{Characterization of thin irradiated epitaxial silicon
                        sensors for the CMS phase II pixel upgrade}",
      booktitle      = "{Proceedings, 7th International Workshop on Semiconductor
                        Pixel Detectors for Particles and Imaging (PIXEL 2014):
                        Niagara Falls, Ontario, Canada, September 1-5, 2014}",
      collaboration  = "CMS",
      journal        = "JINST",
      volume         = "10",
      year           = "2015",
      number         = "02",
      pages          = "C02040",
      doi            = "10.1088/1748-0221/10/02/C02040",
      SLACcitation   = "%%CITATION = JINST,10,C02040;%%"
}


% From the ENDF database ( https://www.nndc.bnl.gov/exfor/endf00.jsp )
@article{ENDF,
      author         = "Bergmann, B. and others",
      title          = "{Ionizing Energy Depositions After Fast Neutron Interactions in Silicon}",
      journal        = "IEEE Transactions on Nuclear Science",
      year           = "2016",
      volume         = "63",
      pages          = "2372",
      doi            = "10.1109/TNS.2016.2574961",
}

@article{Compton:2012fc,
      author         = "Compton, K. and others",
      title          = "{The MP7 and CTP-6: Multi-hundred Gbps processing boards
                        for calorimeter trigger upgrades at CMS}",
      booktitle      = "{Proceedings, Topical Workshop on Electronics for
                        Particle Physics (TWEPP12): Oxford, UK, September 17-21,
                        2012}",
      journal        = "JINST",
      volume         = "7",
      year           = "2012",
      pages          = "C12024",
      doi            = "10.1088/1748-0221/7/12/C12024",
      SLACcitation   = "%%CITATION = JINST,7,C12024;%%"
}

@article{Callier:2011zz,
      author         = "Callier, S. and Dulucq, F. and de La Taille, C. and
                        Martin-Chassard, G. and Seguin-Moreau, N.",
      title          = "{SKIROC2, front end chip designed to readout the
                        electromagnetic calorimeter at the ILC}",
      booktitle      = "{Electronics for particle physics. Proceedings, Topical
                        Workshop, TWEPP-11, Vienna, Austria, September 26-30,
                        2011}",
      journal        = "JINST",
      volume         = "6",
      year           = "2011",
      pages          = "C12040",
      doi            = "10.1088/1748-0221/6/12/C12040",
      SLACcitation   = "%%CITATION = JINST,6,C12040;%%"
}

@article{Borg:2017dfh,
      author         = "Borg, J. and Callier, S. and Coko, D. and Dulucq, F. and
                        de La Taille, C. and Raux, L. and Sculac, T. and
                        Thienpont, D.",
      title          = "{SKIROC2\_CMS an ASIC for testing CMS HGCAL}",
      booktitle      = "{Proceedings, Topical Workshop on Electronics for
                        Particle Physics (TWEPP 2016): Karlsruhe, Germany}",
      journal        = "JINST",
      volume         = "12",
      year           = "2017",
      pages          = "C02019",
      doi            = "10.1088/1748-0221/12/02/C02019",
      SLACcitation   = "%%CITATION = JINST,12,C02019;%%"
}

@article{Bugiel,
      author         = "Bugiel, S. and Dasgupta, R. and Firlej, M and Fiutowski, T. and Idzik, M. and Kopec, M. and Moron, J. and Swientek, K.",
      title          = "{Ultra-Low Power Fast Multi-Channel 10-Bit ADC ASIC for Readout of Particle Physics Detectors}",
      journal        = "IEEE Transactions on Nuclear Science",
      volume         = "6",
      year           = "2016",
      pages          = "2622",
      SLACcitation   = "%%CITATION = JINST,6,C12040;%%"
}


@article{Akchurin:2017qcl,
      author         = "Akchurin, N. and others",
      title          = "{On the timing performance of thin planar silicon
                        sensors}",
      journal        = "Nucl. Instrum. Meth. A",
      volume         = "859",
      year           = "2017",
      pages          = "31",
      doi            = "10.1016/j.nima.2017.03.065",
      SLACcitation   = "%%CITATION = NUIMA,A859,31;%%"
}

@article{Briggl:2014pxa,
      author         = "Briggl, K. and Dorn, M. and Hagdorn, R. and Harion, T.
                        and Schultz-Coulon, H. C. and Shen, W.",
      title          = "{KLauS: an ASIC for silicon photomultiplier readout and
                        its application in a setup for production testing of
                        scintillating tiles}",
      booktitle      = "{Proceedings, Topical Workshop on Electronics for
                        Particle Physics (TWEPP13): Perugia, Italy, September
                        23-27, 2013}",
      journal        = "JINST",
      volume         = "9",
      year           = "2014",
      pages          = "C02013",
      doi            = "10.1088/1748-0221/9/02/C02013",
      SLACcitation   = "%%CITATION = JINST,9,C02013;%%"
}

@article{Chmill:2016msk,
      author         = "Chmill, V. and Garutti, E. and Klanner, R. and Nitschke,
                        M. and Schwandt, J.",
      title          = "{Study of the breakdown voltage of SiPMs}",
      booktitle      = "{14th Vienna Conference on Instrumentation (VCI 2016)
                        Vienna, Austria, February 15-19, 2016}",
      journal        = "Nucl. Instrum. Meth. A",
      volume         = "845",
      year           = "2017",
      pages          = "56",
      doi            = "10.1016/j.nima.2016.04.047",
      eprint         = "1605.01692",
      archivePrefix  = "arXiv",
      primaryClass   = "physics.ins-det",
      SLACcitation   = "%%CITATION = ARXIV:1605.01692;%%"
}

@article{Garutti:2017ipx,
      author         = "Garutti, E. and Klanner, R. and Lomidze, D. and Schwandt,
                        J. and Zvolsky, M.",
      title          = "{Characterisation of highly radiation-damaged SiPMs using current measurements}",
      year           = "2017",
      eprint         = "1709.05226",
      archivePrefix  = "arXiv",
      primaryClass   = "physics.ins-det",
      SLACcitation   = "%%CITATION = ARXIV:1709.05226;%%"
}

@article{Simon:2010hf,
      author         = "Simon, F. and Soldner, C.",
      title          = "{Uniformity Studies of Scintillator Tiles directly
                        coupled to SiPMs for Imaging Calorimetry}",
      journal        = "Nucl. Instrum. Meth. A",
      volume         = "620",
      year           = "2010",
      pages          = "196",
      doi            = "10.1016/j.nima.2010.03.142",
      eprint         = "1001.4665",
      archivePrefix  = "arXiv",
      primaryClass   = "physics.ins-det",
      reportNumber   = "MPP-2010-10",
      SLACcitation   = "%%CITATION = ARXIV:1001.4665;%%"
}

%%%%%%%%%%%%%%%%%%%%%%%%%%%%%%%%%%%%%%%%%%%%%%%%%%%%%%%%%%%%%%%%%%%%%%%%%%%%%%%%%%%%%
@inproceedings{Hegeman:2016hlt,
      author         = "Hegeman, Jeroen and others",
      title          = "{The CMS Timing and Control Distribution System}",
      booktitle      = "{Proceedings, 2015 IEEE Nuclear Science Symposium and
                        Medical Imaging Conference (NSS/MIC 2015): San Diego,
                        California, United States}",
      year           = "2016",
      url            = "http://inspirehep.net/record/1498903/files/CR2015_321.pdf",
      pages          = "7581984",
      doi            = "10.1109/NSSMIC.2015.7581984",
      reportNumber   = "CMS-CR-2015-321",
      SLACcitation   = "%%CITATION = CMS-CR-2015-321;%%"
}

@inproceedings{Liu:2015cpe,
      author         = "Liu, Yong and Büscher, Volker and Caudron, Julien and
                        Chau, Phi and Krause, Sascha and Masetti, Lucia and
                        Schäfer, Ulrich and Spreckels, Rouven and Tapprogge,
                        Stefan and Wanke, Rainer",
      title          = "{A Design of Scintillator Tiles Read Out by
                        Surface-Mounted SiPMs for a Future Hadron Calorimeter}",
      booktitle      = "{Proceedings, 21st Symposium on Room-Temperature
                        Semiconductor X-ray and Gamma-ray Detectors (RTSD 2014):
                        Seattle, WA, USA, November 8-15, 2014}",
      year           = "2016",
      url            = "http://inspirehep.net/record/1410633/files/arXiv:1512.05900.pdf",
      pages          = "7431118",
      doi            = "10.1109/NSSMIC.2014.7431118",
      eprint         = "1512.05900",
      archivePrefix  = "arXiv",
      primaryClass   = "physics.ins-det",
      SLACcitation   = "%%CITATION = ARXIV:1512.05900;%%"
}

@incollection{NIPS1989_293,
title = {Handwritten Digit Recognition with a Back-Propagation Network},
author = {LeCun, Yann and Bernhard E. Boser and John S. Denker and Donnie Henderson and R. E. Howard and Wayne E. Hubbard and Lawrence D. Jackel},
booktitle = {Advances in Neural Information Processing Systems 2},
editor = {D. S. Touretzky},
pages = {396},
year = {1990},
publisher = {Morgan-Kaufmann},
url = {http://papers.nips.cc/paper/293-handwritten-digit-recognition-with-a-back-propagation-network.pdf}
}

%%%%%%%%%%%%%%%%%%%%%%%%%%%%%%%%%%%%%%%%%%%%%%%%%%%%%%%%%%%%%%%%%%%%%%%%%%%%%%%%%%%%%%%%%%%%%%%
@MISC{TsujiUniformity,
 author = {Tsuji, N.},
 title = {{Presentation at CALICE collaboration Meeting Tokyo}},
 howpublished = {\newline\url{https://agenda.linearcollider.org/event/7630/contributions/39723/attachments/32042/48441/CALICE_2017_tokyo_tsuji.pdf}}
}

@MISC{GBT-SCA-UserManual,
 author = {{CERN}},
 title = {{The slow control adapter ASIC for the GBT system: User Manual}},
 howpublished = {\newline\url{https://espace.cern.ch/GBT-Project/GBT-SCA/Manuals/GBT-SCA-UserManual.pdf}}
}

@MISC{XilinxUltra,
 author = {{Xilinx Incorporated}},
 title = {{Ultrascale Architecture and Product Data Sheet}},
 howpublished = {\newline\url{https://www.xilinx.com/support/documentation/data_sheets/ds890-ultrascale-overview.pdf}}
}

@MISC{LpGBT,
 author = {{CERN}},
 title = {{LpGBT specification document}},
 howpublished = {\newline\url{https://espace.cern.ch/GBT-Project/LpGBT/Specifications/LpGbtxSpecifications.pdf}}
}

@MISC{FEASTMP,
 author = {{CERN}},
 title = {{FEASTMP datasheet}},
 howpublished = {\newline\url{https://project-dcdc.web.cern.ch/project-dcdc/public/Documents/FEASTMod_Datasheet.pdf}}
}


@MISC{Faccio,
 author = {Faccio, F.},
 title = {Radiation hardness issues (ACES Workshop, 2016)},
 howpublished = {\newline\url{https://indico.cern.ch/event/468486/contributions/1144364/attachments/1239064/1821580/RadTechnologies.pdf}}
}

collaboration  = "{CMS and ATLAS}",
@MISC{PrecisionTiming,
 author = {{CMS and ATLAS Collaborations, L.~Gray}},
 title = {Picosecond Timing},
 howpublished = {\newline\url{https://indico.cern.ch/event/468486/contributions/1144338/attachments/1240096/1850959/ACES_LindseyGray_08032016.pdf
}}
}

@MISC{Samtec,
 author = {{Samtec}},
 title = {{IC-to-board capabilities and design solutions guide}},
 howpublished = {\newline\url{http://suddendocs.samtec.com/literature/ic2b_solutions_guide.pdf}}
}

@MISC{Advantech,
 author = {{Advantech}},
 title = {COM Express Mini product line},
 howpublished = {\newline\url{http://www.advantech.com/products/com-express-mini/sub_1-dwbvx8}}
}

@MISC{TTC-project,
 author = {{TTC-project}},
 title = {{TTC-project web page}},
 howpublished = {\newline\url{http://ttc.web.cern.ch/TTC/}}
}

@MISC{STD:atca,
 author = {{PICMG}},
 title = {{R3.0 AdvancedTCA Base Specification}},
 howpublished = {\newline\url{https://www.picmg.org/openstandards/advancedtca/}}
}


%%%%%%%%%%% Invalid citation: URL is restricted
@MISC{CMS:atca,
 author         = "CMS Collaboration",
 editor         = "Hegeman, J.",
 title = {{ATCA signal attribution and link protocol - INVALID (PROTECTED CMS URL)}},
 howpublished = {\newline\url{https://indico.cern.ch/event/572632/}},
}

@MISC{AIDA:HG-spec,
 author         = "Chau, P. and van der Kolk, N. and Briggl, K.",
 title = {{Specification of systems for highly granular scintillator tests}},
 howpublished = {\newline\url{https://cds.cern.ch/record/2153646/files/}},
}

@MISC{PON-TTC,
    author    = "Baron, S.",
    title     = "{Passive Optical Network for TTC}",
    journal   = "ACES 2011 workshop",
 howpublished = {\newline\url{https://aces.web.cern.ch/aces/aces2011/ACES2011.htm}}
}

% From the ENDF database ( https://www.nndc.bnl.gov/exfor/endf00.jsp ) }
@article{AbuAjamieh:2011zz,
      author         = "Abu-Ajamieh, F. and others",
      title          = "{Beam tests of directly coupled scintillator tiles with
                        MPPC readout}",
      journal        = "Nucl. Instrum. Meth. A",
      volume         = "659",
      year           = "2011",
      pages          = "348",
      doi            = "10.1016/j.nima.2011.06.090",
      SLACcitation   = "%%CITATION = NUIMA,A659,348;%%"
}
@article{Blazey:2009zz,
      author         = "Blazey, G. and others",
      title          = "{Directly Coupled Tiles as Elements of a Scintillator
                        Calorimeter with MPPC Readout}",
      journal        = "Nucl. Instrum. Meth. A",
      volume         = "605",
      year           = "2009",
      pages          = "277",
      doi            = "10.1016/j.nima.2009.03.253",
      reportNumber   = "FERMILAB-PUB-09-585-E",
      SLACcitation   = "%%CITATION = NUIMA,A605,277;%%"
}

@article{janecek_reflect,
   author = {{Janecek}, M.},
    title = "{Reflectivity Spectra for Commonly Used Reflectors}",
  journal = {IEEE Transactions on Nuclear Science},
     year = 2012,
   volume = 59,
    pages = {490},
      doi = {10.1109/TNS.2012.2183385},
}

%%%% FLUKA %%%%%%%%%%%%%%%%%%%%%%%%%%%%%%%%%%%%%%%%%%%%%%%%%%%%%%%%%%%%%%%%%%%%%%%%%%%%%%%%
@article{Bohlen:2014buj,
      author         = "B{\"o}hlen, T. T. and Cerutti, F. and Chin, M. P. W. and
                        Fassò, A. and Ferrari, A. and Ortega, P. G. and Mairani,
                        A. and Sala, P. R. and Smirnov, G. and Vlachoudis, V.",
      title          = "{The FLUKA Code: Developments and Challenges for High
                        Energy and Medical Applications}",
      journal        = "Nucl. Data Sheets",
      volume         = "120",
      year           = "2014",
      pages          = "211",
      doi            = "10.1016/j.nds.2014.07.049",
      SLACcitation   = "%%CITATION = NDTSB,120,211;%%"
}

@MISC{Ferrari:2005zk,
      author         = "Ferrari, Alfredo and Sala, Paola R. and Fasso, Alberto
                        and Ranft, Johannes",
      title          = "{FLUKA: A multi-particle transport code (Program version
                        2005)}",
      year           = "2005",
      reportNumber   = "CERN-2005-010, SLAC-R-773, INFN-TC-05-11",
      SLACcitation   = "%%CITATION = CERN-2005-010;%%"
}

%%%%%%%%%%%%% DPMJET %%%%%%%%%%%%%%%%%%%%%%%%%%%%%%%%%%%%%%%%%%%%%%%%%%%%%%%%%%
@inproceedings{Roesler:2000he,
      author         = "Roesler, Stefan and Engel, Ralph and Ranft, Johannes",
      title          = "{The Monte Carlo event generator DPMJET-III}",
      booktitle      = "{Advanced Monte Carlo for radiation physics, particle
                        transport simulation and applications. Proceedings,
                        Conference, MC2000, Lisbon, Portugal, October 23-26,
                        2000}",
      url            = "http://www-public.slac.stanford.edu/sciDoc/docMeta.aspx?slacPubNumber=SLAC-PUB-8740",
      year           = "2000",
      pages          = "1033",
      doi            = "10.1007/978-3-642-18211-2_166",
      eprint         = "hep-ph/0012252",
      archivePrefix  = "arXiv",
      primaryClass   = "hep-ph",
      reportNumber   = "SLAC-PUB-8740",
      SLACcitation   = "%%CITATION = HEP-PH/0012252;%%"
}

%%%%%%%%%%%% EPOS LHC %%%%%%%%%%%%%%%%%%%%%%%%%%%%%%%%%%%%%%%%%%%%%%%
@article{Pierog:2013ria,
      author         = "Pierog, T. and Karpenko, Iu. and Katzy, J. M. and
                        Yatsenko, E. and Werner, K.",
      title          = "{EPOS LHC: Test of collective hadronization with data
                        measured at the CERN Large Hadron Collider}",
      journal        = "Phys. Rev. C",
      volume         = "92",
      year           = "2015",
      pages          = "034906",
      doi            = "10.1103/PhysRevC.92.034906",
      eprint         = "1306.0121",
      archivePrefix  = "arXiv",
      primaryClass   = "hep-ph",
      reportNumber   = "DESY-13-125",
      SLACcitation   = "%%CITATION = ARXIV:1306.0121;%%"
}

@article{Britvich:2015hoa,
      author         = "Britvich, G. I. and Brekhovskikh, V. V. and Semenov, V.
                        K. and Kholodenko, S. A.",
      title          = "{The main characteristics of polystyrene scintillators
                        produced at the institute of high-energy physics and
                        detectors on their basis}",
      journal        = "Instrum. Exp. Tech.",
      volume         = "58",
      year           = "2015",
      pages          = "211",
      doi            = "10.1134/S0020441215020153",
      note           = "[Prib. Tekh. Eksp. 2015, no.2, 47]",
      SLACcitation   = "%%CITATION = INETA,58,211;%%"
}

@ARTICLE{raddam1,
author={B. Bicken and U. Holm and T. Marckmann and K. Wick and M. Rohde},
journal={IEEE Transactions on Nuclear Science},
title={Recovery and permanent radiation damage of plastic scintillators at different dose rates},
year={1991},
volume={38},
pages={188},
doi={10.1109/23.289295},
ISSN={0018-9499},
}

@inbook{raddam2,
author = {C. Zorn},
title = {Plastic and Liquid Organic Scintillators},
booktitle = {Instrumentation in High Energy Physics},
doi = {10.1142/9789814360333_0004},
publisher = {World Scientific},
year = {2011}
}

@MISC{calice_megatile,
  author = 	 {Yong Liu},
  title = 	 {Recent progress on the megatile studies},
  note = 	 {CALICE Collaboration Meeting},
  howpublished = {\newline\url{https://agenda.linearcollider.org/event/7630/contributions/39722/}},
  year = 	 {2017},
  OPTannote = 	 {}
}

@article{Heering:2016lmu,
      author         = "Heering, A. and Musienko, Yu and Ruchti, R. and Wayne, M.
                        and Karneyeu, A. and Postoev, V.",
      title          = "{Effects of very high radiation on SiPMs}",
      booktitle      = "{Proceedings, 13th Pisa Meeting on Advanced Detectors :
                        Frontier Detectors for Frontier Physics (FDFP 2015): La
                        Biodola, Isola d'Elba, Italy, May 24-30, 2015}",
      journal        = "Nucl. Instrum. Meth. A",
      volume         = "824",
      year           = "2016",
      pages          = "111",
      doi            = "10.1016/j.nima.2015.11.037",
      SLACcitation   = "%%CITATION = NUIMA,A824,111;%%"
}

@article{Musienko:2015lia,
      author         = "Musienko, Y. and Heering, A. and Ruchti, R. and
                        Wayne, M. and Karneyeu, A. and Postoev, V.",
      title          = "{Radiation damage studies of silicon photomultipliers for
                        the CMS HCAL phase I upgrade}",
      booktitle      = "{Proceedings, 7th International Conference on New
                        developments in photodetection (NDIP14): Tours, France,
                        June 30-July 4, 2014}",
      journal        = "Nucl. Instrum. Meth. A",
      volume         = "787",
      year           = "2015",
      pages          = "319",
      doi            = "10.1016/j.nima.2015.01.012",
      SLACcitation   = "%%CITATION = NUIMA,A787,319;%%"
}

%%%% copied from Chapter9.bib %%%%%%%%%%%%%%%%%%%%%%%%%%%%%%%%%%%%%%%%%%%%%%%%%%%%%%%%%%

@article{CMS-EGM-13-001,
      author         = "Khachatryan, Vardan and others",
      title          = "{Performance of Electron Reconstruction and Selection
                        with the CMS Detector in Proton-Proton Collisions at
                        sqrt(s) = 8  TeV}",
      collaboration  = "CMS",
      journal        = "JINST",
      volume         = "10",
      year           = "2015",
      number         = "06",
      pages          = "P06005",
      doi            = "10.1088/1748-0221/10/06/P06005",
      eprint         = "1502.02701",
      archivePrefix  = "arXiv",
      primaryClass   = "physics.ins-det",
      reportNumber   = "CMS-EGM-13-001, CERN-PH-EP-2015-004",
      SLACcitation   = "%%CITATION = ARXIV:1502.02701;%%"
}



@techreport{CMS-PAS-BTV-15-001,
      title         = "{Identification of b quark jets at the CMS Experiment in
                       the LHC Run 2}",
      institution   = "CERN",
      collaboration = "CMS",
      address       = "Geneva",
      number        = "CMS-PAS-BTV-15-001",
      year          = "2016",
      reportNumber  = "CMS-PAS-BTV-15-001",
      url           = "http://cds.cern.ch/record/2138504",
}


@techreport{CMS-PAS-BTV-15-002,
      title         = "{Identification of double-b quark jets in boosted event
                       topologies}",
      institution   = "CERN",
      collaboration = "CMS",
      address       = "Geneva",
      number        = "CMS-PAS-BTV-15-002",
      year          = "2016",
      reportNumber  = "CMS-PAS-BTV-15-002",
      url           = "http://cds.cern.ch/record/2195743",
}


@article{Guest:2016iqz,
  title = {Jet flavor classification in high-energy physics with deep neural networks},
  author = {Guest, Daniel and Collado, Julian and Baldi, Pierre and Hsu, Shih-Chieh and Urban, Gregor and Whiteson, Daniel},
  journal = {Phys. Rev. D},
  volume = {94},
  issue = {11},
  pages = {112002},
  numpages = {12},
  year = {2016},
  publisher = {American Physical Society},
  doi = {10.1103/PhysRevD.94.112002},
      eprint         = "1607.08633 ",
      archivePrefix  = "arXiv",
  url = {http://link.aps.org/doi/10.1103/PhysRevD.94.112002}
}
% tau
@article{hps,
      author         = "Khachatryan, Vardan and others",
      title          = "{Reconstruction and identification of τ lepton decays to
                        hadrons and ν$_τ$ at CMS}",
      collaboration  = "CMS",
      journal        = "JINST",
      volume         = "11",
      year           = "2016",
      number         = "01",
      pages          = "P01019",
      doi            = "10.1088/1748-0221/11/01/P01019",
      eprint         = "1510.07488",
      archivePrefix  = "arXiv",
      primaryClass   = "physics.ins-det",
      reportNumber   = "CMS-TAU-14-001, CERN-PH-EP-2015-261",
      SLACcitation   = "%%CITATION = ARXIV:1510.07488;%%"
}



% for jet substructure section

@techreport{CMS-PAS-JME-16-003,
      title         = "{Jet algorithms performance in 13 TeV data}",
      institution   = "CERN",
      collaboration = "CMS",
      address       = "Geneva",
      number        = "CMS-PAS-JME-16-003",
      year          = "2017",
      reportNumber  = "CMS-PAS-JME-16-003",
      url           = "http://cds.cern.ch/record/2256875"
}

@article{Larkoski:2014wba,
      author         = "Larkoski, Andrew J. and Marzani, Simone and Soyez,
                        Gregory and Thaler, Jesse",
      title          = "{Soft Drop}",
      journal        = "JHEP",
      volume         = "05",
      year           = "2014",
      pages          = "146",
      doi            = "10.1007/JHEP05(2014)146",
      eprint         = "1402.2657",
      archivePrefix  = "arXiv",
      primaryClass   = "hep-ph",
      reportNumber   = "MIT-CTP-4531, DCPT-14-24, IPPP-14-12",
      SLACcitation   = "%%CITATION = ARXIV:1402.2657;%%"
}

@article{Thaler:2010tr,
      author         = "Thaler, Jesse and Van Tilburg, Ken",
      title          = "{Identifying Boosted Objects with N-subjettiness}",
      journal        = "JHEP",
      volume         = "03",
      year           = "2011",
      pages          = "015",
      doi            = "10.1007/JHEP03(2011)015",
      eprint         = "1011.2268",
      archivePrefix  = "arXiv",
      primaryClass   = "hep-ph",
      reportNumber   = "MIT-CTP-4191",
      SLACcitation   = "%%CITATION = ARXIV:1011.2268;%%"
}


@article{Khachatryan:1988091,
      author        = "Khachatryan, Vardan and others",
      title         = "{Performance of electron reconstruction and selection with
                       the CMS detector in proton-proton collisions at $\sqrt{s}$
                       = 8 TeV}",
      journal       = "JINST",
      collaboration = "CMS Collaboration",
      number        = "CMS-EGM-13-001. CERN-PH-EP-2015-004. CMS-EGM-13-001",
      volume        = "10",
      pages         = "P06005",
      month         = "Feb",
      year          = "2015",
      reportNumber  = "CMS-EGM-13-001",
      url           = "https://cds.cern.ch/record/1988091",

}

@techreport{Adam:815410,
      author        = "Adam, Wolfgang and Frühwirth, R and Strandlie, Are and
                       Todor, T",
      title         = "{Reconstruction of Electrons with the Gaussian-Sum Filter
                       in the CMS Tracker at the LHC}",
      institution   = "CERN",
      address       = "Geneva",
      number        = "CMS-NOTE-2005-001",
      month         = "Jan",
      year          = "2005",
      reportNumber  = "CMS-NOTE-2005-001",
      url           = "https://cds.cern.ch/record/815410",
}

@article{LONGO1975283,
      author         = "Longo, E. and Sestili, I.",
      title          = "{Monte Carlo Calculation of Photon Initiated
                        Electromagnetic Showers in Lead Glass}",
      journal        = "Nucl. Instrum. Meth.",
      volume         = "128",
      year           = "1975",
      pages          = "283",
      doi            = "10.1016/0029-554X(75)90679-5",
      note           = "[Erratum: Nucl. Instrum. Meth.135,587(1976)]",
      SLACcitation   = "%%CITATION = NUIMA,128,283;%%"
}

@techreport{Klein:2272264,
      author        = "Klein, K",
      title         = "{The Phase-2 Upgrade of the CMS Tracker}",
      institution   = "CERN",
      address       = "Geneva",
      number        = "CERN-LHCC-2017-009. CMS-TDR-014",
      month         = "Jun",
      year          = "2017",
      reportNumber  = "CERN-LHCC-2017-009",
      url           = "https://cds.cern.ch/record/2272264",
}

@Article{Cacciari:2008gp,
      author         = "Cacciari, Matteo and Salam, Gavin P. and Soyez, Gregory",
      title          = "{The Anti-k(t) jet clustering algorithm}",
      journal        = "JHEP",
      volume         = "04",
      pages          = "063",
      doi            = "10.1088/1126-6708/2008/04/063",
      year           = "2008",
      eprint         = "0802.1189",
      archivePrefix  = "arXiv",
      primaryClass   = "hep-ph",
      reportNumber   = "LPTHE-07-03",
      SLACcitation   = "%%CITATION = ARXIV:0802.1189;%%",
}

@article{Bertolini:2014bba,
      author         = "Bertolini, Daniele and Harris, Philip and Low, Matthew
                        and Tran, Nhan",
      title          = "{Pileup Per Particle Identification}",
      journal        = "JHEP",
      volume         = "10",
      pages          = "59",
      doi            = "10.1007/JHEP10(2014)059",
      year           = "2014",
      eprint         = "1407.6013",
      archivePrefix  = "arXiv",
      primaryClass   = "hep-ph",
      reportNumber   = "FERMILAB-PUB-14-238-PPD, EFI-14-18, MIT-CTP-4558",
      SLACcitation   = "%%CITATION = ARXIV:1407.6013;%%",
}

@article{Khachatryan:2016kdb,
      author         = "Khachatryan, V. and others",
      title          = "{Jet energy scale and resolution in the CMS experiment in
                        pp collisions at 8 TeV}",
      collaboration  = "CMS",
      journal        = "JINST",
      volume         = "12",
      year           = "2017",
      pages          = "P02014",
      doi            = "10.1088/1748-0221/12/02/P02014",
      eprint         = "1607.03663",
      archivePrefix  = "arXiv",
      primaryClass   = "hep-ex",
      reportNumber   = "CMS-JME-13-004, CERN-PH-EP-2015-305",
      SLACcitation   = "%%CITATION = ARXIV:1607.03663;%%"
}

@article{Khachatryan:2014gga,
      author         = "Khachatryan, V. and others",
      title          = "{Performance of the CMS missing transverse momentum
                        reconstruction in pp data at $\sqrt{s}$ = 8 TeV}",
      collaboration  = "CMS",
      journal        = "JINST",
      volume         = "10",
      year           = "2015",
      pages          = "P02006",
      doi            = "10.1088/1748-0221/10/02/P02006",
      eprint         = "1411.0511",
      archivePrefix  = "arXiv",
      primaryClass   = "physics.ins-det",
      reportNumber   = "CMS-JME-13-003, CERN-PH-EP-2014-246",
      SLACcitation   = "%%CITATION = ARXIV:1411.0511;%%"
}

%%%% OBJECT PERFORMANCE  %%%END

%%%%%%PHYSICS PERFORMANCE 

@Article{deFavereau2014,
author="The DELPHES 3 collaboration",
title="DELPHES 3: a modular framework for fast simulation of a generic collider experiment",
journal="Journal of High Energy Physics",
year="2014",
volume="2014",
number="2",
doi="10.1007/JHEP02(2014)057",
url="http://dx.doi.org/10.1007/JHEP02(2014)057"
}



@UNPUBLISHED{Baer:1310.4858,
  author    = "Baer, H. and others",
  title     = "Radiatively-driven natural supersymmetry at the LHC",
  eprint    = "1310.4858",
  archivePrefix = "arXiv",
  primaryClass  =  "hep-ex",
  year  = "2015",
  SLACcitation  = "%%CITATION = 1012.2367;%%"
}


@techreport{CMS-PAS-HIG-16-043,
      title         = "{Observation of the SM scalar boson decaying to a pair of
                       $\tau$ leptons with the CMS experiment at the LHC}",
      institution   = "CERN",
      collaboration = "CMS Collaboration",
      address       = "Geneva",
      number        = "CMS-PAS-HIG-16-043",
      year          = "2017",
      reportNumber  = "CMS-PAS-HIG-16-043",
      url           = "https://cds.cern.ch/record/2264522",
}

@techreport{CMS-PAS-SMP-16-007,
      title         = "{Measurement of the weak mixing angle with the
                       forward-backward asymmetry of Drell-Yan events at 8 TeV}",
      institution   = "CERN",
      collaboration = "CMS",
      address       = "Geneva",
      number        = "CMS-PAS-SMP-16-007",
      year          = "2017",
      reportNumber  = "CMS-PAS-SMP-16-007",
      url           = "http://cds.cern.ch/record/2273392",
}

@article{Collins,
      author         = "Collins, John C. and Soper, Davison E.",
      title          = "{Angular Distribution of Dileptons in High-Energy Hadron Collisions}",
      journal        = "Phys. Rev. D",
      volume         = "16",
      year           = "1977",
      pages          = "2219",
      doi            = "10.1103/PhysRevD.16.2219",
      reportNumber   = "Print-77-0288 (PRINCETON)",
      SLACcitation   = "%%CITATION = PHRVA,D16,2219;%%"
}

@article{Aaltonen:2014loa,
      author         = "Aaltonen, Timo Antero and others",
      title          = "{Indirect measurement of $\sin^2 \theta_W$ (or $M_W$)
                        using $\mu^+\mu^-$ pairs from $\gamma^*/Z$ bosons produced
                        in $p\bar{p}$ collisions at a center-of-momentum energy of
                        1.96 TeV}",
      collaboration  = "CDF",
      journal        = "Phys. Rev. D",
      volume         = "89",
      year           = "2014",
      pages          = "072005",
      doi            = "10.1103/PhysRevD.89.072005",
      eprint         = "1402.2239",
      archivePrefix  = "arXiv",
      primaryClass   = "hep-ex",
      reportNumber   = "FERMILAB-PUB-14-021-E",
      SLACcitation   = "%%CITATION = ARXIV:1402.2239;%%"
}

@article{Aaltonen:2016nuy,
      author         = "Aaltonen, Timo Antero and others",
      title          = "{Measurement of $\sin^2\theta^{\rm lept}_{\rm eff}$ using
                        $e^+e^-$ pairs from $\gamma^*/Z$ bosons produced in
                        $p\bar{p}$ collisions at a center-of-momentum energy of
                        1.96 TeV}",
      collaboration  = "CDF",
      journal        = "Phys. Rev. D",
      volume         = "93",
      year           = "2016",
      pages          = "112016",
      doi            = "10.1103/PhysRevD.93.112016",
      eprint         = "1605.02719",
      archivePrefix  = "arXiv",
      primaryClass   = "hep-ex",
      reportNumber   = "FERMILAB-PUB-16-165-E",
      SLACcitation   = "%%CITATION = ARXIV:1605.02719;%%"
}


@article{Abazov:2014jti,
      author         = "Abazov, Victor Mukhamedovich and others",
      title          = "{Measurement of the effective weak mixing angle in
                        $p\bar{p}\rightarrow Z/\gamma^{*}\rightarrow e^{+}e^{-}$
                        events}",
      collaboration  = "D0",
      journal        = "Phys. Rev. Lett.",
      volume         = "115",
      year           = "2015",
      pages          = "041801",
      doi            = "10.1103/PhysRevLett.115.041801",
      eprint         = "1408.5016",
      archivePrefix  = "arXiv",
      primaryClass   = "hep-ex",
      reportNumber   = "FERMILAB-PUB-14-288-E",
      SLACcitation   = "%%CITATION = ARXIV:1408.5016;%%"
}

@article{Chatrchyan:2011ya,
      author         = "Chatrchyan, Serguei and others",
      title          = "{Measurement of the weak mixing angle with the Drell-Yan
                        process in proton-proton collisions at the LHC}",
      collaboration  = "CMS",
      journal        = "Phys. Rev. D",
      volume         = "84",
      year           = "2011",
      pages          = "112002",
      doi            = "10.1103/PhysRevD.84.112002",
      eprint         = "1110.2682",
      archivePrefix  = "arXiv",
      primaryClass   = "hep-ex",
      reportNumber   = "CMS-EWK-11-003, CERN-PH-EP-2011-159",
      SLACcitation   = "%%CITATION = ARXIV:1110.2682;%%"
}

@article{Aad:2015uau,
      author         = "Aad, Georges and others",
      title          = "{Measurement of the forward-backward asymmetry of
                        electron and muon pair-production in $pp$ collisions at
                        $\sqrt{s}$ = 7 TeV with the ATLAS detector}",
      collaboration  = "ATLAS",
      journal        = "JHEP",
      volume         = "09",
      year           = "2015",
      pages          = "049",
      doi            = "10.1007/JHEP09(2015)049",
      eprint         = "1503.03709",
      archivePrefix  = "arXiv",
      primaryClass   = "hep-ex",
      reportNumber   = "CERN-PH-EP-2014-259",
      SLACcitation   = "%%CITATION = ARXIV:1503.03709;%%"
}

@article{Aaij:2015lka,
      author         = "Aaij, Roel and others",
      title          = "{Measurement of the forward-backward asymmetry in
                        $Z/\gamma^{\ast} \rightarrow \mu^{+}\mu^{-}$ decays and
                        determination of the effective weak mixing angle}",
      collaboration  = "LHCb",
      journal        = "JHEP",
      volume         = "11",
      year           = "2015",
      pages          = "190",
      doi            = "10.1007/JHEP11(2015)190",
      eprint         = "1509.07645",
      archivePrefix  = "arXiv",
      primaryClass   = "hep-ex",
      reportNumber   = "LHCB-PAPER-2015-039, CERN-PH-EP-2015-250",
      SLACcitation   = "%%CITATION = ARXIV:1509.07645;%%"
}

@article{POWHEG0,
      author         = "Alioli, S. and Nason, P. and Oleari, C. and Re,
                        E.",
      title          = "{NLO vector-boson production matched with shower in
                        POWHEG}",
      journal        = "JHEP",
      volume         = "07",
      pages          = "060",
      doi            = "10.1088/1126-6708/2008/07/060",
      year           = "2008",
      eprint         = "0805.4802",
      archivePrefix  = "arXiv",
      primaryClass   = "hep-ph",
      reportNumber   = "NSF-KITP-08-74",
      SLACcitation   = "%%CITATION = ARXIV:0805.4802;%%",
}
@article{POWHEG1,
      author         = "Nason, P.",
      title          = "{A new method for combining NLO QCD with shower Monte
                        Carlo algorithms}",
      journal        = "JHEP",
      volume         = "11",
      pages          = "040",
      doi            = "10.1088/1126-6708/2004/11/040",
      year           = "2004",
      eprint         = "hep-ph/0409146",
      archivePrefix  = "arXiv",
      primaryClass   = "hep-ph",
      reportNumber   = "BICOCCA-FT-04-11",
      SLACcitation   = "%%CITATION = HEP-PH/0409146;%%",
}
@Article{POWHEG2,
     author    = "Frixione, S. and Nason, P. and Oleari, C.",
     title     = "{Matching NLO QCD computations with parton shower
                  simulations: the POWHEG method}",
     journal   = "JHEP",
     volume    = "11",
     year      = "2007",
     pages     = "070",
     eprint    = "0709.2092",
     archivePrefix = "arXiv",
     primaryClass  =  "hep-ph",
     doi       = "10.1088/1126-6708/2007/11/070",
     SLACcitation  = "%%CITATION = 0709.2092;%%"
}
@article{POWHEG3,
      author         = "Alioli, S. and Nason, P. and Oleari, C. and Re,
                        E.",
      title          = "{A general framework for implementing NLO calculations in
                        shower Monte Carlo programs: the POWHEG BOX}",
      journal        = "JHEP",
      volume         = "06",
      pages          = "043",
      doi            = "10.1007/JHEP06(2010)043",
      year           = "2010",
      eprint         = "1002.2581",
      archivePrefix  = "arXiv",
      primaryClass   = "hep-ph",
      reportNumber   = "DESY-10-018, SFB-CPP-10-22, IPPP-10-11, DCPT-10-22",
      SLACcitation   = "%%CITATION = ARXIV:1002.2581;%%",
}
@Article{PYTHIA6,
      author         = "Sj{\"o}strand, T. and Mrenna, S. and Skands, P.",
      title          = "{PYTHIA} 6.4 physics and manual",
      journal        = "JHEP",
      volume         = "05",
      pages          = "026",
      doi            = "10.1088/1126-6708/2006/05/026",
      year           = "2006",
      eprint         = "hep-ph/0603175",
      archivePrefix  = "arXiv",
      primaryClass   = "hep-ph",
      reportNumber   = "FERMILAB-PUB-06-052-CD-T, LU-TP-06-13",
      SLACcitation   = "%%CITATION = HEP-PH/0603175;%%",
}
@article{PYTHIA8,
      author         = "Sjostrand, Torbjorn and Mrenna, Stephen and Skands, Peter
                        Z.",
      title          = "{A Brief Introduction to PYTHIA 8.1}",
      journal        = "Comput. Phys. Commun.",
      volume         = "178",
      year           = "2008",
      pages          = "852",
      doi            = "10.1016/j.cpc.2008.01.036",
      eprint         = "0710.3820",
      archivePrefix  = "arXiv",
      primaryClass   = "hep-ph",
      reportNumber   = "CERN-LCGAPP-2007-04, LU-TP-07-28,
                        FERMILAB-PUB-07-512-CD-T",
      SLACcitation   = "%%CITATION = ARXIV:0710.3820;%%"
}

@article{NNPDF30,
      author         = "Ball, R. D. and others",
      title          = "{Parton distributions for the LHC Run II}",
      collaboration  = "NNPDF",
      journal        = "JHEP",
      volume         = "04",
      year           = "2015",
      pages          = "040",
      doi            = "10.1007/JHEP04(2015)040",
      eprint         = "1410.8849",
      archivePrefix  = "arXiv",
      primaryClass   = "hep-ph",
      reportNumber   = "EDINBURGH-2014-15, IFUM-1034-FT, CERN-PH-TH-2013-253,
                        OUTP-14-11P, CAVENDISH-HEP-14-11",
      SLACcitation   = "%%CITATION = ARXIV:1410.8849;%%"
}

@article{tune,
      author         = "Khachatryan, Vardan and others",
      title          = "{Event generator tunes obtained from underlying event and
                        multiparton scattering measurements}",
      collaboration  = "CMS",
      journal        = "Eur. Phys. J. C",
      volume         = "76",
      year           = "2016",
      pages          = "155",
      doi            = "10.1140/epjc/s10052-016-3988-x",
      eprint         = "1512.00815",
      archivePrefix  = "arXiv",
      primaryClass   = "hep-ex",
      reportNumber   = "CMS-GEN-14-001, CERN-PH-EP-2015-291",
      SLACcitation   = "%%CITATION = ARXIV:1512.00815;%%"
}

@article{Bodek:2016olg,
      author         = "Bodek, A. and Han, J. and Khukhunaishvili, A. and Sakumoto, W.",
      title          = "{Using Drell-Yan forward-backward asymmetry to reduce PDF uncertainties in the measurement of electroweak parameters}",
      journal        = "Eur. Phys. J. C",
      volume         = "76",
      year           = "2016",
      pages          = "115",
      doi            = "10.1140/epjc/s10052-016-3958-3",
      eprint         = "1507.02470",
      archivePrefix  = "arXiv",
      primaryClass   = "hep-ex",
      SLACcitation   = "%%CITATION = ARXIV:1507.02470;%%"
}


@article{Giele:1998gw,
      author         = "Giele, Walter T. and Keller, Stephane",
      title          = "{Implications of hadron collider observables on parton
                        distribution function uncertainties}",
      journal        = "Phys. Rev. D",
      volume         = "58",
      year           = "1998",
      pages          = "094023",
      doi            = "10.1103/PhysRevD.58.094023",
      eprint         = "hep-ph/9803393",
      archivePrefix  = "arXiv",
      primaryClass   = "hep-ph",
      reportNumber   = "FERMILAB-PUB-98-082-T",
      SLACcitation   = "%%CITATION = HEP-PH/9803393;%%"
}

@article{Ball:2010gb,
      author         = "Ball, Richard D. and Bertone, Valerio and Cerutti,
                        Francesco and Del Debbio, Luigi and Forte, Stefano and
                        Guffanti, Alberto and Latorre, Jose I. and Rojo, Juan and
                        Ubiali, Maria",
      title          = "{Reweighting NNPDFs: the W lepton asymmetry}",
      collaboration  = "NNPDF",
      journal        = "Nucl. Phys. B",
      volume         = "849",
      year           = "2011",
      pages          = "112-143",
      doi            = "10.1016/j.nuclphysb.2011.03.017,
                        10.1016/j.nuclphysb.2011.10.024,
                        10.1016/j.nuclphysb.2011.09.011",
      note           = "[Erratum: Nucl. Phys.B855,927(2012)]",
      eprint         = "1012.0836",
      archivePrefix  = "arXiv",
      primaryClass   = "hep-ph",
      reportNumber   = "EDINBURGH-2010-24, IFUM-968-FT, FR-PHENO-2010-040,
                        RWTH-TTK-10-55",
      SLACcitation   = "%%CITATION = ARXIV:1012.0836;%%"
}

@article{Sato:2013ika,
      author         = "Sato, Nobuo and Owens, J. F. and Prosper, Harrison",
      title          = "{Bayesian Reweighting for Global Fits}",
      journal        = "Phys. Rev. D",
      volume         = "89",
      year           = "2014",
      pages          = "114020",
      doi            = "10.1103/PhysRevD.89.114020",
      eprint         = "1310.1089",
      archivePrefix  = "arXiv",
      primaryClass   = "hep-ph",
      SLACcitation   = "%%CITATION = ARXIV:1310.1089;%%"
}


@techreport{CMS-PAS-HIG-16-040,
      title         = "{Measurements of properties of the Higgs boson in the
                       diphoton decay channel with the full 2016 data set}",
      institution   = "CERN",
      collaboration = "CMS Collaboration",
      address       = "Geneva",
      number        = "CMS-PAS-HIG-16-040",
      year          = "2017",
      reportNumber  = "CMS-PAS-HIG-16-040",
      url           = "https://cds.cern.ch/record/2264515",
}

@article{bbtt-paper,
      author         = "Sirunyan, Albert M and others",
      title          = "{Search for Higgs boson pair production in events with
                        two bottom quarks and two tau leptons in proton-proton
                        collisions at sqrt(s) = 13 TeV}",
      collaboration  = "CMS",
      year           = "2017",
      eprint         = "1707.02909",
      archivePrefix  = "arXiv",
      primaryClass   = "hep-ex",
      reportNumber   = "CMS-HIG-17-002, CERN-EP-2017-126",
      SLACcitation   = "%%CITATION = ARXIV:1707.02909;%%"
}
@article{Barr2014308,
	author         = "Barr, Alan J. and Dolan, Matthew J. and Englert,
	Christoph and Spannowsky, Michael",
	title          = "{Di-Higgs final states augMT2ed -- selecting $hh$ events
	at the high luminosity LHC}",
	journal        = "Phys. Lett. B",
	volume         = "728",
	year           = "2014",
	pages          = "308",
	doi            = "10.1016/j.physletb.2013.12.011",
	eprint         = "1309.6318",
	archivePrefix  = "arXiv",
	primaryClass   = "hep-ph",
	reportNumber   = "IPPP-13-74, DCPT-13-148",
	SLACcitation   = "%%CITATION = ARXIV:1309.6318;%%"
}

@inproceedings{1742-6596-513-2-022035,
	author         = "Bianchini, Lorenzo and Conway, John and Friis, Evan Klose
	and Veelken, Christian",
	title          = "Reconstruction of the {H}iggs mass in {$H \to \tau\tau$}
	Events by Dynamical Likelihood techniques",
	booktitle      = "Proceedings, 20th International Conference on Computing
	in High Energy and Nuclear Physics ({CHEP 2013})",
	address    =  "Amsterdam, the Netherlands",
	month     =  "October",
	year = "2014",
	note        = "{J. Phys. Conf. Ser.} 513 (2014) 022035",
	pages          = "022035",
	doi            = "10.1088/1742-6596/513/2/022035",
	SLACcitation   = "%%CITATION = 00462,513,022035;%%"
}


@techreport{deFlorian:2016spz,
author = "D. de Florian and others",
editor         = "de Florian, D. and C. Grojean and F. Maltoni and C. Mariotti and A. Nikitenko and M. Pieri and P. Savard and M. Schumacher and R. Tanaka",
title          = "Handbook of {LHC} {H}iggs cross sections: 4. Deciphering the
nature of the {H}iggs sector",
doi = "10.23731/CYRM-2017-002",
year           = "2016",
eprint         = "1610.07922",
archivePrefix  = "arXiv",
primaryClass   = "hep-ph",
TYPE        = "CERN Report",
NUMBER      = "CERN-2017-002-M",
reportNumber   = " CERN-2017-002-M",
SLACcitation   = "%%CITATION = ARXIV:1610.07922;%%"
}

@article{Fuks:2012qx,
      author         = "Fuks, Benjamin and Klasen, Michael and Lamprea, David R.
                        and Rothering, Marcel",
      title          = "{Gaugino production in proton-proton collisions at a
                        center-of-mass energy of 8 TeV}",
      journal        = "JHEP",
      volume         = "10",
      pages          = "081",
      doi            = "10.1007/JHEP10(2012)081",
      year           = "2012",
      eprint         = "1207.2159",
      archivePrefix  = "arXiv",
      primaryClass   = "hep-ph",
      reportNumber   = "IPHC-PHENO-12-07, MS-TP-12-05",
      SLACcitation   = "%%CITATION = ARXIV:1207.2159;%%",
}

@article{Fuks:2013vua,
      author         = "Fuks, Benjamin and Klasen, Michael and Lamprea, David R.
                        and Rothering, Marcel",
      title          = "{Precision predictions for electroweak superpartner
                        production at hadron colliders with {\sc Resummino}}",
      journal        = "Eur. Phys. J. C",
      volume         = "73",
      pages          = "2480",
      doi            = "10.1140/epjc/s10052-013-2480-0",
      year           = "2013",
      eprint         = "1304.0790",
      archivePrefix  = "arXiv",
      primaryClass   = "hep-ph",
      reportNumber   = "CERN-PH-TH-2013-064, IPHC-PHENO-13-02, MS-TP-13-06",
      SLACcitation   = "%%CITATION = ARXIV:1304.0790;%%",
}


@article{Baer:2013xua,
      author         = "Baer, Howard and Barger, Vernon and Huang, Peisi and
                        Mickelson, Dan and Mustafayev, Azar and Sreethawong,
                        Warintorn and Tata, Xerxes",
      title          = "{Radiatively-driven natural supersymmetry at the LHC}",
      journal        = "JHEP",
      volume         = "12",
      year           = "2013",
      pages          = "013",
      doi            = "10.1007/JHEP12(2013)013, 10.1007/JHEP06(2015)053",
      note           = "[Erratum: JHEP06,053(2015)]",
      eprint         = "1310.4858",
      archivePrefix  = "arXiv",
      primaryClass   = "hep-ph",
      reportNumber   = "UH-511-1218-13",
      SLACcitation   = "%%CITATION = ARXIV:1310.4858;%%"
}

@Article{Baer:1604.07438,
     author    = "Baer, H. and others",
     title     = "Multi-channel assault on natural supersymmetry at the high luminosity LHC",
     journal   = "Phys. Rev. D",
     volume    = "94",
     year      = "2016",
     pages     = "4",
     SLACcitation  = "%%CITATION = HEP-EX 9710004;%%",                                                                                                           
     doi       = "10.1103/PhysRevD.94.035025"
}

@techreport{CMS-PAS-SUS-16-039,
      title         = "{Search for electroweak production of charginos and
                       neutralinos in multilepton final states in pp collision
                       data at $\sqrt{s}=13~\mathrm{TeV}$}",
      institution   = "CERN",
      collaboration = "CMS Collaboration",
      address       = "Geneva",
      number        = "CMS-PAS-SUS-16-039",
      year          = "2017",
      reportNumber  = "CMS-PAS-SUS-16-039",
      url           = "http://cds.cern.ch/record/2256434",
}


@Article{FCNC_GIM,
     author    = "Glashow, S. L. and Iliopoulos, J. and  Maiani, L.",
     title     = "Weak Interactions with Lepton Hadron Symmetry",
     journal   = "Phys. Rev. D ",
     volume    = "2",
     year      = "1970",
     pages     = "1285",
     doi       = "10.1103/PhysRevD.2.1285"
}

@Article{FCNC_SM_tqa,
     author    = "Aguilar-Saavedra, J A and Nobre, B M",
     title     = "Rare top decays $t \rightarrow c \gamma, t \rightarrow cg$ and CKM unitarity",
     journal   = "Phys.  Lett.  B",
     volume    = "553",
     year      = "2003",
     pages     = "251",
     doi       = "10.1016/S0370-2693(02)03230-6",
     eprint         = "hep-ph/0210360",
     archivePrefix  = "arXiv",
     primaryClass   = "hep-ph",
}

@Article{FCNC_susy,
     author    = "Couture, G and Frank, M and Konig, H",
     title     = "Supersymmetric QCD flavor changing top quark decay",
     journal   = "Phys. Rev. D ",
     volume    = "56",
     year      = "1997",
     pages     = "4213",
    eprint         = "hep-ph/9704305",
      archivePrefix  = "arXiv",
      primaryClass   = "hep-ph",
     doi       = "10.1103/PhysRevD.56.4213"
}

@Article{FCNC_tc,
     author    = "Lu, G R and Yin, F. R and Wang, X. L and Wan, L D",
     title     = "Rare top quark decays t$\to$cV in the topcolor assisted technicolor model",
     journal   = "Phys. Rev. D ",
     volume    = "68",
     year      = "2003",
     pages     = "015002",
  eprint         = "hep-ph/0303122",
      archivePrefix  = "arXiv",
      primaryClass   = "hep-ph",
     doi       = "10.1103/PhysRevD.68.015002"
}

@article{FCNC_cmsfcnc,
      author         = "Khachatryan, Vardan and others",
      title          = "{Search for anomalous single top quark production in
                        association with a photon in pp collisions at $ \sqrt{s}=8
                        $ TeV}",
      collaboration  = "CMS",
      journal        = "JHEP",
      volume         = "04",
      year           = "2016",
      pages          = "035",
      doi            = "10.1007/JHEP04(2016)035",
      eprint         = "1511.03951",
      archivePrefix  = "arXiv",
      primaryClass   = "hep-ex",
      reportNumber   = "CMS-TOP-14-003, CERN-PH-EP-2015-287",
      SLACcitation   = "%%CITATION = ARXIV:1511.03951;%%"
}

@techreport{CMS-PAS-BTV-11-001,
      title         = "{Performance of the b-jet identification in CMS}",
      institution   = "CERN",
      collaboration = "CMS Collaboration",
      address       = "Geneva",
      number        = "CMS-PAS-BTV-11-001",
      year          = "2011",
      reportNumber  = "CMS-PAS-BTV-11-001",
      url           = "https://cds.cern.ch/record/1366061",
}            

@techreport{CMS-PAS-SUS-16-048,
      title         = "{Search for new physics in events with two low momentum
                       opposite-sign leptons and missing transverse energy at
                       $\sqrt{s}=13~\mathrm{TeV}$}",
      institution   = "CERN",
      collaboration = "CMS Collaboration",
      address       = "Geneva",
      number        = "CMS-PAS-SUS-16-048",
      year          = "2017",
      reportNumber  = "CMS-PAS-SUS-16-048",
      url           = "https://cds.cern.ch/record/2256640",
}

@article{ALEPH:2005ab,
      author         = "Schael, S. and others",
      title          = "{Precision electroweak measurements on the $Z$
                        resonance}",
      collaboration  = "SLD Electroweak Group, DELPHI, ALEPH, SLD, SLD Heavy
                        Flavour Group, OPAL, LEP Electroweak Working Group, L3",
      journal        = "Phys. Rept.",
      volume         = "427",
      year           = "2006",
      pages          = "257",
      doi            = "10.1016/j.physrep.2005.12.006",
      eprint         = "hep-ex/0509008",
      archivePrefix  = "arXiv",
      primaryClass   = "hep-ex",
      reportNumber   = "SLAC-R-774",
      SLACcitation   = "%%CITATION = HEP-EX/0509008;%%"
}

@article{Aaltonen:2014loa,
      author         = "Aaltonen, Timo Antero and others",
      title          = "{Indirect measurement of $\sin^2 \theta_W$ (or $M_W$)
                        using $\mu^+\mu^-$ pairs from $\gamma^*/Z$ bosons produced
                        in $p\bar{p}$ collisions at a center-of-momentum energy of
                        1.96 TeV}",
      collaboration  = "CDF",
      journal        = "Phys. Rev. D",
      volume         = "89",
      year           = "2014",
      pages          = "072005",
      doi            = "10.1103/PhysRevD.89.072005",
      eprint         = "1402.2239",
      archivePrefix  = "arXiv",
      primaryClass   = "hep-ex",
      reportNumber   = "FERMILAB-PUB-14-021-E",
      SLACcitation   = "%%CITATION = ARXIV:1402.2239;%%"
}

@article{Aaltonen:2016nuy,
      author         = "Aaltonen, Timo Antero and others",
      title          = "{Measurement of $\sin^2\theta^{\rm lept}_{\rm eff}$ using
                        $e^+e^-$ pairs from $\gamma^*/Z$ bosons produced in
                        $p\bar{p}$ collisions at a center-of-momentum energy of
                        1.96 TeV}",
      collaboration  = "CDF",
      journal        = "Phys. Rev. D",
      volume         = "93",
      year           = "2016",
      pages          = "112016",
      doi            = "10.1103/PhysRevD.93.112016",
      eprint         = "1605.02719",
      archivePrefix  = "arXiv",
      primaryClass   = "hep-ex",
      reportNumber   = "FERMILAB-PUB-16-165-E",
      SLACcitation   = "%%CITATION = ARXIV:1605.02719;%%"
}


@article{Abazov:2014jti,
      author         = "Abazov, Victor Mukhamedovich and others",
      title          = "{Measurement of the effective weak mixing angle in
                        $p\bar{p}\rightarrow Z/\gamma^{*}\rightarrow e^{+}e^{-}$
                        events}",
      collaboration  = "D0",
      journal        = "Phys. Rev. Lett.",
      volume         = "115",
      year           = "2015",
      pages          = "041801",
      doi            = "10.1103/PhysRevLett.115.041801",
      eprint         = "1408.5016",
      archivePrefix  = "arXiv",
      primaryClass   = "hep-ex",
      reportNumber   = "FERMILAB-PUB-14-288-E",
      SLACcitation   = "%%CITATION = ARXIV:1408.5016;%%"
}

@article{Chatrchyan:2011ya,
      author         = "Chatrchyan, Serguei and others",
      title          = "{Measurement of the weak mixing angle with the Drell-Yan
                        process in proton-proton collisions at the LHC}",
      collaboration  = "CMS",
      journal        = "Phys. Rev. D",
      volume         = "84",
      year           = "2011",
      pages          = "112002",
      doi            = "10.1103/PhysRevD.84.112002",
      eprint         = "1110.2682",
      archivePrefix  = "arXiv",
      primaryClass   = "hep-ex",
      reportNumber   = "CMS-EWK-11-003, CERN-PH-EP-2011-159",
      SLACcitation   = "%%CITATION = ARXIV:1110.2682;%%"
}

@article{Aad:2015uau,
      author         = "Aad, Georges and others",
      title          = "{Measurement of the forward-backward asymmetry of
                        electron and muon pair-production in $pp$ collisions at
                        $\sqrt{s}$ = 7 TeV with the ATLAS detector}",
      collaboration  = "ATLAS",
      journal        = "JHEP",
      volume         = "09",
      year           = "2015",
      pages          = "049",
      doi            = "10.1007/JHEP09(2015)049",
      eprint         = "1503.03709",
      archivePrefix  = "arXiv",
      primaryClass   = "hep-ex",
      reportNumber   = "CERN-PH-EP-2014-259",
      SLACcitation   = "%%CITATION = ARXIV:1503.03709;%%"
}

@article{Aaij:2015lka,
      author         = "Aaij, Roel and others",
      title          = "{Measurement of the forward-backward asymmetry in
                        $Z/\gamma^{\ast} \rightarrow \mu^{+}\mu^{-}$ decays and
                        determination of the effective weak mixing angle}",
      collaboration  = "LHCb",
      journal        = "JHEP",
      volume         = "11",
      year           = "2015",
      pages          = "190",
      doi            = "10.1007/JHEP11(2015)190",
      eprint         = "1509.07645",
      archivePrefix  = "arXiv",
      primaryClass   = "hep-ex",
      reportNumber   = "LHCB-PAPER-2015-039, CERN-PH-EP-2015-250",
      SLACcitation   = "%%CITATION = ARXIV:1509.07645;%%"
}

@article{POWHEG0,
      author         = "Alioli, S. and Nason, P. and Oleari, C. and Re,
                        E.",
      title          = "{NLO vector-boson production matched with shower in
                        POWHEG}",
      journal        = "JHEP",
      volume         = "07",
      pages          = "060",
      doi            = "10.1088/1126-6708/2008/07/060",
      year           = "2008",
      eprint         = "0805.4802",
      archivePrefix  = "arXiv",
      primaryClass   = "hep-ph",
      reportNumber   = "NSF-KITP-08-74",
      SLACcitation   = "%%CITATION = ARXIV:0805.4802;%%",
}
@article{POWHEG1,
      author         = "Nason, P.",
      title          = "{A new method for combining NLO QCD with shower Monte
                        Carlo algorithms}",
      journal        = "JHEP",
      volume         = "11",
      pages          = "040",
      doi            = "10.1088/1126-6708/2004/11/040",
      year           = "2004",
      eprint         = "hep-ph/0409146",
      archivePrefix  = "arXiv",
      primaryClass   = "hep-ph",
      reportNumber   = "BICOCCA-FT-04-11",
      SLACcitation   = "%%CITATION = HEP-PH/0409146;%%",
}
@Article{POWHEG2,
     author    = "Frixione, S. and Nason, P. and Oleari, C.",
     title     = "{Matching NLO QCD computations with parton shower
                  simulations: the POWHEG method}",
     journal   = "JHEP",
     volume    = "11",
     year      = "2007",
     pages     = "070",
     eprint    = "0709.2092",
     archivePrefix = "arXiv",
     primaryClass  =  "hep-ph",
     doi       = "10.1088/1126-6708/2007/11/070",
     SLACcitation  = "%%CITATION = 0709.2092;%%"
}
@article{POWHEG3,
      author         = "Alioli, S. and Nason, P. and Oleari, C. and Re,
                        E.",
      title          = "{A general framework for implementing NLO calculations in
                        shower Monte Carlo programs: the POWHEG BOX}",
      journal        = "JHEP",
      volume         = "06",
      pages          = "043",
      doi            = "10.1007/JHEP06(2010)043",
      year           = "2010",
      eprint         = "1002.2581",
      archivePrefix  = "arXiv",
      primaryClass   = "hep-ph",
      reportNumber   = "DESY-10-018, SFB-CPP-10-22, IPPP-10-11, DCPT-10-22",
      SLACcitation   = "%%CITATION = ARXIV:1002.2581;%%",
}
@Article{PYTHIA6,
      author         = "Sj{\"o}strand, T. and Mrenna, S. and Skands, P.",
      title          = "{PYTHIA} 6.4 physics and manual",
      journal        = "JHEP",
      volume         = "05",
      pages          = "026",
      doi            = "10.1088/1126-6708/2006/05/026",
      year           = "2006",
      eprint         = "hep-ph/0603175",
      archivePrefix  = "arXiv",
      primaryClass   = "hep-ph",
      reportNumber   = "FERMILAB-PUB-06-052-CD-T, LU-TP-06-13",
      SLACcitation   = "%%CITATION = HEP-PH/0603175;%%",
}
@article{PYTHIA8,
      author         = "Sjostrand, Torbjorn and Mrenna, Stephen and Skands, Peter
                        Z.",
      title          = "{A Brief Introduction to PYTHIA 8.1}",
      journal        = "Comput. Phys. Commun.",
      volume         = "178",
      year           = "2008",
      pages          = "852",
      doi            = "10.1016/j.cpc.2008.01.036",
      eprint         = "0710.3820",
      archivePrefix  = "arXiv",
      primaryClass   = "hep-ph",
      reportNumber   = "CERN-LCGAPP-2007-04, LU-TP-07-28,
                        FERMILAB-PUB-07-512-CD-T",
      SLACcitation   = "%%CITATION = ARXIV:0710.3820;%%"
}

@article{NNPDF30,
      author         = "Ball, R. D. and others",
      title          = "{Parton distributions for the LHC Run II}",
      collaboration  = "NNPDF",
      journal        = "JHEP",
      volume         = "04",
      year           = "2015",
      pages          = "040",
      doi            = "10.1007/JHEP04(2015)040",
      eprint         = "1410.8849",
      archivePrefix  = "arXiv",
      primaryClass   = "hep-ph",
      reportNumber   = "EDINBURGH-2014-15, IFUM-1034-FT, CERN-PH-TH-2013-253,
                        OUTP-14-11P, CAVENDISH-HEP-14-11",
      SLACcitation   = "%%CITATION = ARXIV:1410.8849;%%"
}

@article{tune,
      author         = "Khachatryan, Vardan and others",
      title          = "{Event generator tunes obtained from underlying event and
                        multiparton scattering measurements}",
      collaboration  = "CMS",
      journal        = "Eur. Phys. J. C",
      volume         = "76",
      year           = "2016",
      pages          = "155",
      doi            = "10.1140/epjc/s10052-016-3988-x",
      eprint         = "1512.00815",
      archivePrefix  = "arXiv",
      primaryClass   = "hep-ex",
      reportNumber   = "CMS-GEN-14-001, CERN-PH-EP-2015-291",
      SLACcitation   = "%%CITATION = ARXIV:1512.00815;%%"
}

@article{Bodek:2016olg,
      author         = "Bodek, A. and Han, J. and Khukhunaishvili, A. and Sakumoto, W.",
      title          = "{Using Drell-Yan forward-backward asymmetry to reduce PDF uncertainties in the measurement of electroweak parameters}",
      journal        = "Eur. Phys. J. C",
      volume         = "76",
      year           = "2016",
      pages          = "115",
      doi            = "10.1140/epjc/s10052-016-3958-3",
      eprint         = "1507.02470",
      archivePrefix  = "arXiv",
      primaryClass   = "hep-ex",
      SLACcitation   = "%%CITATION = ARXIV:1507.02470;%%"
}


@article{Giele:1998gw,
      author         = "Giele, Walter T. and Keller, Stephane",
      title          = "{Implications of hadron collider observables on parton
                        distribution function uncertainties}",
      journal        = "Phys. Rev. D",
      volume         = "58",
      year           = "1998",
      pages          = "094023",
      doi            = "10.1103/PhysRevD.58.094023",
      eprint         = "hep-ph/9803393",
      archivePrefix  = "arXiv",
      primaryClass   = "hep-ph",
      reportNumber   = "FERMILAB-PUB-98-082-T",
      SLACcitation   = "%%CITATION = HEP-PH/9803393;%%"
}

@article{Ball:2010gb,
      author         = "Ball, Richard D. and Bertone, Valerio and Cerutti,
                        Francesco and Del Debbio, Luigi and Forte, Stefano and
                        Guffanti, Alberto and Latorre, Jose I. and Rojo, Juan and
                        Ubiali, Maria",
      title          = "{Reweighting NNPDFs: the W lepton asymmetry}",
      collaboration  = "NNPDF",
      journal        = "Nucl. Phys. B",
      volume         = "849",
      year           = "2011",
      pages          = "112-143",
      doi            = "10.1016/j.nuclphysb.2011.03.017,
                        10.1016/j.nuclphysb.2011.10.024,
                        10.1016/j.nuclphysb.2011.09.011",
      note           = "[Erratum: Nucl. Phys.B855,927(2012)]",
      eprint         = "1012.0836",
      archivePrefix  = "arXiv",
      primaryClass   = "hep-ph",
      reportNumber   = "EDINBURGH-2010-24, IFUM-968-FT, FR-PHENO-2010-040,
                        RWTH-TTK-10-55",
      SLACcitation   = "%%CITATION = ARXIV:1012.0836;%%"
}

@article{Sato:2013ika,
      author         = "Sato, Nobuo and Owens, J. F. and Prosper, Harrison",
      title          = "{Bayesian Reweighting for Global Fits}",
      journal        = "Phys. Rev. D",
      volume         = "89",
      year           = "2014",
      pages          = "114020",
      doi            = "10.1103/PhysRevD.89.114020",
      eprint         = "1310.1089",
      archivePrefix  = "arXiv",
      primaryClass   = "hep-ph",
      SLACcitation   = "%%CITATION = ARXIV:1310.1089;%%"
}


@misc{SUSYXSWG,
 	title = {LHC SUSY Cross Section Working Group},
 	howpublished = {\url{https://twiki.cern.ch/twiki/bin/view/LHCPhysics/SUSYCrossSections#Cross_sections_for_various_S_AN3}},
 	note = {}
}



@article{Sirunyan:2017lae,
      author         = "Sirunyan, Albert M and others",
      title          = "{Search for electroweak production of charginos and
                        neutralinos in multilepton final states in proton-proton
                        collisions at $\sqrt{s}=$ 13 TeV}",
      collaboration  = "CMS",
      year           = "2017",
      eprint         = "1709.05406",
      archivePrefix  = "arXiv",
      primaryClass   = "hep-ex",
      reportNumber   = "CMS-SUS-16-039, CERN-EP-2017-121",
      SLACcitation   = "%%CITATION = ARXIV:1709.05406;%%"
}



@techreport{CMS-PAS-BTV-11-001,
      title         = "{Performance of the b-jet identification in CMS}",
      institution   = "CERN",
      collaboration = "CMS",
      address       = "Geneva",
      number        = "CMS-PAS-BTV-11-001",
      year          = "2011",
      reportNumber  = "CMS-PAS-BTV-11-001",
      url           = "https://cds.cern.ch/record/1366061",
}            


@article{Baer:2017gzf,
      author         = "Baer, Howard and Barger, Vernon and Gainer, James S. and
                        Savoy, Michael and Sengupta, Dibyashree and Tata, Xerxes",
      title          = "{Aspects of the same-sign diboson signature from wino
                        pair production with light higgsinos at the high
                        luminosity LHC}",
      year           = "2017",
      eprint         = "1710.09103",
      archivePrefix  = "arXiv",
      primaryClass   = "hep-ph",
      reportNumber   = "UH-511-1285-17",
      SLACcitation   = "%%CITATION = ARXIV:1710.09103;%%"
}

@techreport{CMS-PAS-FTR-16-006,
      title         = "{ECFA 2016: Prospects for selected standard model
                       measurements with the CMS experiment at the High-Luminosity
                       LHC}",
      institution   = "CERN",
      address       = "Geneva",
      number        = "CMS-PAS-FTR-16-006",
      year          = "2017",
      reportNumber  = "CMS-PAS-FTR-16-006",
      url           = "https://cds.cern.ch/record/2262606",
}

%%% CLs method (3 articles to quote)
@article{LEP-CLs,
	author="A. L. Read",
	title="{Presentation of search results: the CLs technique}",
	journal="J. Phys. G: Nucl. Part. Phys.",
	volume="28",
	year="2002",
	page="2693",
}

@article{Read2,
	author 			= "A. L. Read",
	title 			= "{Modified frequentist analysis of search results (the CLs method)}",
	type    		= "{Proceedings of the First Workshop on Confidence Limits, CERN, Geneva, Switzerland}",
	year 			= "2000"
}

@article{Junk:1999kv,
      author         = "Junk, Thomas",
      title          = "{Confidence level computation for combining searches with
                        small statistics}",
      journal        = "Nucl.Instrum.Meth.",
      volume         = "A434",
      pages          = "435-443",
      doi            = "10.1016/S0168-9002(99)00498-2",
      year           = "1999",
      eprint         = "hep-ex/9902006",
      archivePrefix  = "arXiv",
      primaryClass   = "hep-ex",
}



%%%%%%%%%PHYSICS PERFORMANCE %%%%END 


@inproceedings{AMS,
    author   = "{J.~Van Es et al.}",
    title = "{AMS02 Tracker Thermal Control System Overview and Spin-off for Future Spacecraft Cooling System Developments}",
    booktitle = "{Proceedings of the 60th International Astronautical Congress, Daejeon, South Korea (2009).}",
    howpublished = {\newline\url{https://iafastro.directory/iac/archive/browse/IAC-09/C2/7/3011/}}
}

@inproceedings{LHCB-Velo,
      author         = "Verlaat, B. and others",
      title          = "{CO$_2$ Cooling for the LHCb-VELO Experiment at CERN}",
      booktitle      = "{Proceedings of the 8th IIF/IIR Gustav Lorentzen Conference on Natural Working Fluids, Copenhagen, Denmark (2008).}",
      ISSN={01511637}
}

@inproceedings{Zwalinski:2015oba,
      author         = "Zwalinski, Lukasz and others",
      title          = "{CO$_2$ cooling system for Insertable B Layer detector
                        into the ATLAS experiment}",
      booktitle      = "{Proceedings, 3rd International Conference on Technology
                        and Instrumentation in Particle Physics (TIPP 2014):
                        Amsterdam, Netherlands, June 2-6, 2014}",
      journal        = "PoS",
      volume         = "TIPP2014",
      year           = "2015",
      pages          = "224",
      SLACcitation   = "%%CITATION = POSCI,TIPP2014,224;%%"
}

@inproceedings{Tropea:2014nba,
      author         = "Tropea, Paola and others",
      title          = "{Design, construction and commissioning of a 15 kW CO$_2$
                        evaporative cooling system for particle physics detectors:
                        lessons learnt and perspectives for further development}",
      booktitle      = "{Proceedings, 3rd International Conference on Technology
                        and Instrumentation in Particle Physics (TIPP 2014):
                        Amsterdam, Netherlands, June 2-6, 2014}",
      journal        = "PoS",
      volume         = "TIPP2014",
      year           = "2014",
      pages          = "223",
      SLACcitation   = "%%CITATION = POSCI,TIPP2014,223;%%",
      url = "https://cds.cern.ch/record/2025942",
}

@inproceedings{CO2-Control,
     author     =     "Zwalinski, L. and others",
     title = "{The Control System for the CO$_2$ cooling plants for Physics experiments}",
     booktitle = "{Proceedings, 14th International Conference on Accelerator and Large Experimental Physics Control Systems, San Francisco, USA, 2013}",
     year = 2013,
     url = "http://accelconf.web.cern.ch/AccelConf/ICALEPCS2013/papers/moppc110.pdf",
}

@MISC{HESafetyNote,
	 author     =     "{"HE Engineering and Safety Note", CMS Document 2000-007, CERN EDMS 112848 (2000).}",
   url = {https://edms.cern.ch/document/112848/1},
	 }

@MISC{Habia,
	 author     =     "{Habia Cable, \url{http://www.habia.com/}}"
	 }


	
